<?xml version="1.0" encoding="UTF-8"?><collection xmlns="http://www.loc.gov/MARC21/slim"><record><leader>00389nam--2200145-i-4500</leader><controlfield tag="001">000033964</controlfield><controlfield tag="002">20161230</controlfield><controlfield tag="005">20161230201039</controlfield><controlfield tag="008">060222s1000------------r-----000-0-eng-d</controlfield><datafield ind1=" " ind2=" " tag="080"><subfield code="a">621.35</subfield></datafield><datafield ind1=" " ind2=" " tag="100"><subfield code="a">Menke, H.H., Schmidt, E.F</subfield></datafield><datafield ind1=" " ind2=" " tag="245"><subfield code="a">Isotope battery with thermoelectric generator</subfield></datafield><datafield ind1=" " ind2=" " tag="260"><subfield code="a">Hamburg, Aeg, /F.An/ (451-459p.)</subfield></datafield><datafield ind1=" " ind2=" " tag="490"><subfield code="a">Paper Communication No.31</subfield></datafield><datafield ind1=" " ind2=" " tag="852"><subfield code="a">25726</subfield></datafield></record></collection>